<record xmlns="http://www.loc.gov/MARC21/slim">
    <leader>03960ctm a2200613Ii 4500</leader>
    <controlfield tag="001">99900477831201852</controlfield>
    <controlfield tag="005">20200115084337.5</controlfield>
    <controlfield tag="008">180301q14011500it 000 0 lat d</controlfield>
    <datafield ind1=" " ind2=" " tag="035">
        <subfield code="a">(OCoLC)1026484796</subfield>
    </datafield>
    <datafield ind1=" " ind2=" " tag="035">
        <subfield code="a">(OCoLC)on1026484796</subfield>
    </datafield>
    <datafield ind1=" " ind2=" " tag="035">
        <subfield code="a">(EXLNZ-01ALLIANCE_NETWORK)99324887735801451</subfield>
    </datafield>
    <datafield ind1=" " ind2=" " tag="040">
        <subfield code="a">ORU</subfield>
        <subfield code="b">eng</subfield>
        <subfield code="e">rda</subfield>
        <subfield code="c">ORU</subfield>
        <subfield code="d">OCLCQ</subfield>
        <subfield code="d">ORU</subfield>
        <subfield code="d">OCLCF</subfield>
    </datafield>
    <datafield ind1=" " ind2=" " tag="041">
        <subfield code="a">lat</subfield>
    </datafield>
    <datafield ind1=" " ind2=" " tag="049">
        <subfield code="a">MAIN</subfield>
    </datafield>
    <datafield ind1="0" ind2=" " tag="100">
        <subfield code="a">Plato,</subfield>
        <subfield code="e">author.</subfield>
    </datafield>
    <datafield ind1="1" ind2="0" tag="240">
        <subfield code="a">Phaedo.</subfield>
        <subfield code="l">Latin</subfield>
    </datafield>
    <datafield ind1="1" ind2="0" tag="245">
        <subfield code="a">Phaedon.</subfield>
    </datafield>
    <datafield ind1="1" ind2="8" tag="246">
        <subfield code="a">Phaedon e vers</subfield>
    </datafield>
    <datafield ind1=" " ind2="0" tag="264">
        <subfield code="a">Italy ;</subfield>
        <subfield code="c">between 1401 and 1500.</subfield>
    </datafield>
    <datafield ind1=" " ind2=" " tag="300">
        <subfield code="a">34 leaves :</subfield>
        <subfield code="b">fine vellum ;</subfield>
        <subfield code="c">252 x 179mm</subfield>
    </datafield>
    <datafield ind1=" " ind2=" " tag="336">
        <subfield code="a">text</subfield>
        <subfield code="b">txt</subfield>
        <subfield code="2">rdacontent</subfield>
    </datafield>
    <datafield ind1=" " ind2=" " tag="337">
        <subfield code="a">unmediated</subfield>
        <subfield code="b">n</subfield>
        <subfield code="2">rdamedia</subfield>
    </datafield>
    <datafield ind1=" " ind2=" " tag="338">
        <subfield code="a">volume</subfield>
        <subfield code="b">nc</subfield>
        <subfield code="2">rdacarrier</subfield>
    </datafield>
    <datafield ind1="1" ind2=" " tag="561">
        <subfield code="a">A. Rosenthal LTD., 14 Curzon Street, London W1. £55.</subfield>
    </datafield>
    <datafield ind1=" " ind2=" " tag="583">
        <subfield code="a">Item cataloged from existing description by C. Pierce and J. Fox, and in
            hand by Erika Milo and Ian Scott, July/August 2018.</subfield>
    </datafield>
    <datafield ind1=" " ind2=" " tag="540">
        <subfield code="a">All requests for permission to quote or publish from manuscripts must be
            submitted in writing to the Head of Special Collections &amp; University
            Archives.</subfield>
    </datafield>
    <datafield ind1=" " ind2=" " tag="541">
        <subfield code="a">Acquired by purchase and donation from Julia Burgess, circa
            1935-1924.</subfield>
    </datafield>
    <datafield ind1="1" ind2=" " tag="541">
        <subfield code="c">Donation/Purchase ;</subfield>
        <subfield code="a">Julia Burgess,</subfield>
        <subfield code="d">1935-1942.</subfield>
    </datafield>
    <datafield ind1=" " ind2=" " tag="500">
        <subfield code="a">Manuscript codex.</subfield>
    </datafield>
    <datafield ind1=" " ind2=" " tag="500">
        <subfield code="a">This translation is by humanist scholar Leonardo Bruni. Probably made
            from a manuscript brought to Italy by Chrysoloras.</subfield>
    </datafield>
    <datafield ind1=" " ind2=" " tag="500">
        <subfield code="a">Title devised by cataloger.</subfield>
    </datafield>
    <datafield ind1=" " ind2=" " tag="500">
        <subfield code="a">Collation: Small folio in quires I-II¹⁰, III¹⁴.</subfield>
    </datafield>
    <datafield ind1=" " ind2=" " tag="500">
        <subfield code="a">Origin: Italy, 15th century.</subfield>
    </datafield>
    <datafield ind1=" " ind2=" " tag="500">
        <subfield code="a">Layout: single column measuring 161 x 105mm, in 30 lines
            (5mm).</subfield>
    </datafield>
    <datafield ind1=" " ind2=" " tag="500">
        <subfield code="a">Script: upright humanistic Roman hand with much abbreviation.</subfield>
    </datafield>
    <datafield ind1=" " ind2=" " tag="500">
        <subfield code="a">Decoration: 2 initials in red with very fine blue tracery, and in blue
            with red tracery. f1r [initial large majuscule red &apos;Q&apos;]UI LAUDANT SACTITUTEM
            TUAM/ bearissime pater opus certe bonum ac pium agere/ pergunt. [TRANSLATION]
            &quot;THOSE WHO PRAISE YOUR HOLINESS, most blessed father, certainly continue to drive
            the good and pious work.&quot; f1r [Superscript marginal addendum in cursive hand]
            &quot;Platonis Phaedon, sive de animo in Leonardo Arentino (latine redditum)&quot; f1v
            [Initial Blue &apos;I&apos;] PSE affuisti o Pheton ea die qua Socrates venenum bibit in
            carcere. An ab alio quodam audivisti.&quot; [TRANSLATION] &quot;Oh Phaeton, were you
            yourself present on this day when Socrates drinks poison in prison, or did you hear from
            someone else?&quot;</subfield>
    </datafield>
    <datafield ind1=" " ind2=" " tag="500">
        <subfield code="a">Binding: Contemporary binding of gray linen with olive morocco back with
            title in gilt: PHAEDON E VERS. LEON ARENTI.</subfield>
    </datafield>
    <datafield ind1=" " ind2=" " tag="500">
        <subfield code="a">Shelfmark: Eugene, OR, Special Collections and University Archives,
            University of Oregon, MS 013.</subfield>
    </datafield>
    <datafield ind1=" " ind2=" " tag="546">
        <subfield code="a">In Latin.</subfield>
    </datafield>
    <datafield ind1=" " ind2=" " tag="506">
        <subfield code="a">RESTRICTED ORIGINAL. USE DIGITAL COPY ONLY:</subfield>
        <subfield code="b">Use of original only by permission of the rare books curator. Inquiries
            concerning this item should be directed, in writing, to the Public Services Librarian,
            Special Collections Department, UO Libraries, or electronically:</subfield>
        <subfield code="u"
            >https://library.uoregon.edu/special-collections/research-assistance.</subfield>
    </datafield>
    <datafield ind1=" " ind2="0" tag="650">
        <subfield code="a">Manuscripts, Medieval</subfield>
        <subfield code="z">Oregon</subfield>
        <subfield code="z">Eugene.</subfield>
    </datafield>
    <datafield ind1=" " ind2="0" tag="650">
        <subfield code="a">Immortality</subfield>
        <subfield code="v">Early works to 1800.</subfield>
    </datafield>
    <datafield ind1=" " ind2="7" tag="650">
        <subfield code="a">Immortality.</subfield>
        <subfield code="2">fast</subfield>
        <subfield code="0">(OCoLC)fst00967853</subfield>
    </datafield>
    <datafield ind1=" " ind2="7" tag="650">
        <subfield code="a">Manuscripts, Medieval.</subfield>
        <subfield code="2">fast</subfield>
        <subfield code="0">(OCoLC)fst01008422</subfield>
    </datafield>
    <datafield ind1=" " ind2="7" tag="651">
        <subfield code="a">Oregon</subfield>
        <subfield code="z">Eugene.</subfield>
        <subfield code="2">fast</subfield>
        <subfield code="0">(OCoLC)fst01205922</subfield>
    </datafield>
    <datafield ind1=" " ind2="0" tag="655">
        <subfield code="a">Manuscripts, Latin (medieval and modern).</subfield>
    </datafield>
    <datafield ind1=" " ind2="7" tag="655">
        <subfield code="a">Early works.</subfield>
        <subfield code="2">fast</subfield>
        <subfield code="0">(OCoLC)fst01411636</subfield>
    </datafield>
    <datafield ind1="2" ind2=" " tag="710">
        <subfield code="a">University of Oregon.</subfield>
        <subfield code="b">Libraries.</subfield>
        <subfield code="b">Special Collections &amp; University Archives.</subfield>
        <subfield code="k">Manuscript.</subfield>
        <subfield code="n">MS 013.</subfield>
    </datafield>
    <datafield ind1="1" ind2=" " tag="700">
        <subfield code="a">Bruni, Leonardo,</subfield>
        <subfield code="d">1369-1444,</subfield>
        <subfield code="e">translator.</subfield>
    </datafield>
    <datafield ind1="1" ind2=" " tag="700">
        <subfield code="a">Burgess, Edward Sandford,</subfield>
        <subfield code="d">1855-1928,</subfield>
        <subfield code="e">former owner.</subfield>
    </datafield>
    <datafield ind1="1" ind2=" " tag="700">
        <subfield code="a">Burgess, Julia,</subfield>
        <subfield code="e">former owner.</subfield>
    </datafield>
    <datafield ind1=" " ind2=" " tag="851">
        <subfield code="a">Special Collections and University Archives,</subfield>
        <subfield code="c">University of Oregon, Eugene, OR 97403.</subfield>
    </datafield>
    <datafield ind1="8" ind2=" " tag="852">
        <subfield code="8">22329397190001852</subfield>
        <subfield code="b">SpecColl</subfield>
        <subfield code="c">spvault</subfield>
        <subfield code="h">MS 013</subfield>
    </datafield>
    <datafield ind1=" " ind2=" " tag="994">
        <subfield code="a">92</subfield>
        <subfield code="b">OCACL</subfield>
    </datafield>
</record>
